@ARTICLE{Viola04robustreal-time,
    author = {Paul Viola and Michael Jones},
    title = {Robust real-time face detection},
    journal = {International Journal of Computer Vision},
    year = {2004},
    volume = {57},
    pages = {137--154}
}

@CONFERENCE{Skodras_2012ieee,
    author = {Evangelos Skodras and Nikolaos Fakotakis},
    title = {An Accurate Eye Center Localization Method for Low Resolution Color Imagery},
    booktitle = {IEEE 24th International Conference on Tools with Artificial Intelligence},
    year = {2012}
}

@ARTICLE{OTSU_paper,
    author = {Nobuyuki Otsu},
    title = {A Threshold Selection Method from Gray-Level Histograms},
    journal = {IEEE Transactions on Systems, Man, Cybernetics},
    year = {1947},
    volume = {SMC-9, No. 1},
    pages = {62--66}
}