@unpublished{eyeDetection,
AUTHOR="Chinnawat Devahasdin Na Ayudhya",
TITLE="A Method for Real-Time Eye Blink Detection and Its Application",
NOTE=""
}

%\begin{enumerate}
% \item Chinnawat Devahasdin Na Ayudhya, \enquote{A Method for Real-Time Eye Blink Detection and Its Application}
%\end{enumerate}
